% This file was created with JabRef 2.10.
% Encoding: UTF-8


@Article{Athreya2015,
  Title                    = {Joseph L Doob and development of probability theory},
  Author                   = {Athreya, K. B.},
  Journal                  = {Resonance},
  Year                     = {2015},
  Pages                    = {286-288},
  Volume                   = {20},

  Owner                    = {joseph},
  Timestamp                = {2020.11.30}
}

@Misc{Daruich2014,
  Title                    = {Notes on Measure Theory and Markov Processes.},

  Author                   = {Daruich, D.},
  HowPublished             = {\url{http://ddaruich.weebly.com/uploads/3/8/1/2/38127151/measure_theory_notes.pdf}},
  Note                     = {Accessed: 29th November 2020},
  Year                     = {2014},

  Owner                    = {joseph},
  Timestamp                = {2020.11.30}
}

@Article{Debnath2015,
  Title                    = {A short history of probability theory and its applications},
  Author                   = {Debnath, L. and Basu, K.},
  Journal                  = {International Journal of Mathematical Education in Science and Technology},
  Year                     = {2015},
  Pages                    = {13-39},
  Volume                   = {46},

  Owner                    = {joseph},
  Timestamp                = {2020.11.30}
}

@Article{Doob1971,
  Title                    = {What is a Martingale?},
  Author                   = {Doob, J. L.},
  Journal                  = {The American Mathematical Monthly},
  Year                     = {1971},
  Number                   = {5},
  Pages                    = {451-463},
  Volume                   = {78},

  Owner                    = {joseph},
  Timestamp                = {2020.11.30}
}

@Book{Doob1953,
  Title                    = {Stochastic Processes},
  Author                   = {Doob, J. L.},
  Publisher                = {New York, Wiley},
  Year                     = {1953},

  Owner                    = {joseph},
  Timestamp                = {2020.11.30}
}

@Article{Doob1941,
  Title                    = {Probability as a measure},
  Author                   = {Doob, J. L.},
  Journal                  = {The Annals of Mathematical Statistics},
  Year                     = {1941},
  Number                   = {2},
  Pages                    = {206-214},
  Volume                   = {12},

  Owner                    = {joseph},
  Timestamp                = {2020.11.30}
}

@Article{Doob1934,
  Title                    = {Probability and statistics},
  Author                   = {Doob, J. L.},
  Journal                  = {Trans. Amer. Math. Soc.},
  Year                     = {1934},
  Pages                    = {759-775},
  Volume                   = {36},

  Owner                    = {joseph},
  Timestamp                = {2020.11.30}
}

@Article{Doob1934a,
  Title                    = {Stochastic Processes and Statistics},
  Author                   = {Doob, J. L.},
  Journal                  = {Proceedings of the National Academy of Sciences of the United States of America},
  Year                     = {1934},
  Number                   = {6},
  Pages                    = {376-379},
  Volume                   = {20},

  Owner                    = {joseph},
  Timestamp                = {2020.11.30}
}

@Misc{Eberle2015,
  Title                    = {Markov Processes.},

  Author                   = {Eberle, A.},
  HowPublished             = {\url{http://http://wt.iam.uni-bonn.de/fileadmin/WT/Inhalt/people/Andreas_Eberle/MarkovProcesses/MPSkript1415.pdf}},
  Note                     = {Accessed: 29th November 2020},
  Year                     = {2015},

  Owner                    = {joseph},
  Timestamp                = {2020.11.30}
}

@Misc{Glen2020,
  Title                    = {Axiomatic Probability: Definition, Kolmogorovâ€™s Three Axioms - Statistics How To},

  Author                   = {Glen, S.},
  Note                     = {Accessed: 20th November 2020},
  Year                     = {2020},

  Owner                    = {joseph},
  Timestamp                = {2020.11.30}
}

@Misc{Meyers2020,
  Title                    = {CS 547 Lecture 6: Axioms of Probability},

  Author                   = {Meyers, D},
  HowPublished             = {\url{http://pages.cs.wisc.edu/~dsmyers/cs547/lecture_6_probability.pdf}},
  Note                     = {Accessed: 28 November 2020},
  Year                     = {2020},

  Owner                    = {joseph},
  Timestamp                = {2020.11.30}
}

@Misc{OConnor2006,
  Title                    = {Andrei Andreyevich Markov - Biography - Maths History, University of St Andrews, Scotland},

  Author                   = {O'Connor, J. J. and Robertson, E. F.},
  HowPublished             = {\url{https://mathshistory.st-andrews.ac.uk/Biographies/Markov/}},
  Note                     = {Accessed: 29th November 2020},
  Year                     = {2006},

  Owner                    = {joseph},
  Timestamp                = {2020.11.30}
}

@Misc{Taylor2019,
  Title                    = {What Are Probability Axioms?},

  Author                   = {Taylor, C.},
  HowPublished             = {\url{http://www.thoughtco.com/what-are-probability-axioms-3126567}},
  Note                     = {Accessed: 28th November 2020},
  Year                     = {2019},

  Owner                    = {joseph},
  Timestamp                = {2020.11.30}
}

